@article{Dor04,
  title={0wned by an iPod},
  author={Dornseif, Maximillian},
  journal={Presentation, PacSec},
  year={2004}
}
@inproceedings{ABYTS11,
        Author = {Nadav Amit and Muli Ben-Yehuda and Dan Tsafrir and Assaf Schuster},
        Booktitle = atc,
        Title = {{vIOMMU}: efficient {IOMMU} emulation},
        Year = 2011,
        note = {\url{https://www.usenix.org/legacy/events/atc11/tech/final_files/Amit.pdf}
                Accessed: May 2018}
}
@article{ak09,
        author = {argp and karl},
        title = {Exploiting {UMA} : {FreeBSD} kernel heap exploits},
        journal = {PHRACK},
        note = {\url{http://phrack.org/issues/66/8.html} Accessed: May 2018},
        month = {November},
        year = {2009},
        volume = {13},
        number = {66},
}
@misc{Cor07,
        author = {Jonathan Corbet},
        title = {The {SLUB} allocator},
        howpublished =
                {\url{https://lwn.net/Articles/229984/}},
        month = {April},
        year = {2007}
}
@article{Joh98,
        title = {Information Technology---{Serial Bus Protocol} 2
                ({SBP}-2)},
        author = {Johansson, Peter},
        journal = {American National Standard for Information Systems,
                ANSI, Working Draft T10 Project 1155D Revision},
        volume = {4},
        year = {1998},
        note =
                {\url{http://web.archive.org/web/20050118090648/www.t10.org/ftp/t10/drafts/sbp2/sbp2r04.pdf}
                 Accessed: Oct 2019}
}
@misc{Mic17,
        title={{PC OEM} requirements for Device Guard and Credential Guard},
        key={Microsoft},
        howpublished={\url{https://msdn.microsoft.com/en-us/windows/hardware/commercialize/design/minimum/device-guard-and-credential-guard}},
        note = {Microsoft Windows documentation. Accessed: May 2018},
        year=2017,
}
@misc{AMD16,
        author = {AMD},
        title = {{AMD IOMMU} Architectural Specification, Rev 3.00},
        howpublished =
                {\url{https://www.amd.com/system/files/TechDocs/48882_IOMMU.pdf}},
        note = {Accessed: Oct 2019},
        month = {Dec},
        year = 2016,
}
@misc{Int16b,
        author = {INTEL},
        title = {{Intel} Virtualization Technology for Directed {I/O} -
                Architecture Specification - {Rev}.\ 2.4.},
        howpublished =
                {\url{http://www.intel.com/content/dam/www/public/us/en/documents/product-specifications/vt-directed-io-spec.pdf}},
        note = {Accessed: Oct 2019},
        month = {June},
        year = {2016}
}
@inproceedings{WMM97,
  title={A study of virtual memory mtu reassembly within the powerpc architecture},
  author={Womack, Lucas and Mraz, Ronald and Mendelson, Abraham},
  booktitle={Proceedings Fifth International Symposium on Modeling, Analysis, and Simulation of Computer and Telecommunication Systems},
  pages={81--90},
  year={1997},
  organization={IEEE}
}
@inproceedings{Chu96,
  title={Zero-copy TCP in Solaris},
  author={Chu, Hsiao-keng Jerry},
  booktitle={Proceedings of the 1996 annual conference on USENIX Annual Technical Conference},
  pages={21--21},
  year={1996},
  organization={Usenix Association}
}
@misc{DWT79,
  title={Method for providing virtual addressing for externally specified addressed input/output operations},
  author={De Ward, Robert C and Thurber, Kenneth J},
  year={1979},
  month=may # "~15",
  publisher={Google Patents},
  note={US Patent 4,155,119}
}
@inproceedings{MTF12,
  title={Trevisor},
  author={M{\"u}ller, Tilo and Taubmann, Benjamin and Freiling, Felix C},
  booktitle={International Conference on Applied Cryptography and Network Security},
  pages={66--83},
  year={2012},
  organization={Springer}
}
@misc{YZ15,
  title={A tour beyond BIOS using Intel VT-d for DMA protection in UEFI BIOS},
  author={Yao, Jiewen and Zimmer, Vincent},
  year={2015}
}
@inproceedings{GA10,
  title={Reliable Acquisition of RAM dumps from Intel-based Apple Mac computers over FireWire},
  author={Gladyshev, Pavel and Almansoori, Afrah},
  booktitle={International Conference on Digital Forensics and Cyber Crime},
  pages={55--64},
  year={2010},
  organization={Springer}
}
@article{Woj08,
  title={Subverting the Xen hypervisor},
  author={Wojtczuk, Rafal and others},
  journal={Black Hat USA},
  volume={2008},
  pages={2},
  year={2008},
  publisher={Citeseer}
}
@article{Fri16,
  title={Direct memory attack the kernel},
  author={Frisk, Ulf},
  journal={Proceedings of DEFCON},
  volume={24},
  year={2016}
}
@article{AD10,
  title={Subverting windows 7 x64 kernel with dma attacks},
  author={Aumaitre, Damien and Devine, Christophe},
  journal={HITBSecConf Amsterdam},
  year={2010}
}
@inproceedings{SB12,
  title={Understanding DMA malware},
  author={Stewin, Patrick and Bystrov, Iurii},
  booktitle={International Conference on Detection of Intrusions and Malware, and Vulnerability Assessment},
  pages={21--41},
  year={2012},
  organization={Springer}
}
@inproceedings{LKV13,
  title={You can type, but you can’t hide: A stealthy GPU-based keylogger},
  author={Ladakis, Evangelos and Koromilas, Lazaros and Vasiliadis, Giorgos and Polychronakis, Michalis and Ioannidis, Sotiris},
  booktitle={Proceedings of the 6th European Workshop on System Security (EuroSec)},
  year={2013}
}
@inproceedings{YHD16,
  title={A2: Analog malicious hardware},
  author={Yang, Kaiyuan and Hicks, Matthew and Dong, Qing and Austin, Todd and Sylvester, Dennis},
  booktitle={2016 IEEE symposium on security and privacy (SP)},
  pages={18--37},
  year={2016},
  organization={IEEE}
}
@article{NL14,
  title={BadUSB-On accessories that turn evil},
  author={Nohl, Karsten and Lell, Jakob},
  journal={Black Hat USA},
  volume={1},
  pages={9},
  year={2014}
}
@book{oC54,
  title={Computer Development, SEAC and DYSEAC, at the National Bureau of Standards, Washington},
  author={United States. National Bureau of Standards},
  year={1954},
  publisher={US Government Printing Office}
}
@inproceedings{WRC08,
  title={Protection Strategies for Direct Access to Virtualized I/O Devices.},
  author={Willmann, Paul and Rixner, Scott and Cox, Alan L},
  booktitle={USENIX Annual Technical Conference},
  pages={15--28},
  year={2008}
}
@article{DPVL10,
  title={Can you still trust your network card},
  author={Duflot, Lo{\"\i}c and Perez, Yves-Alexis and Valadon, Guillaume and Levillain, Olivier},
  journal={CanSecWest/core10},
  pages={24--26},
  year={2010}
}
@book{Ste14,
  title={Enhanced BARM: Authentic Reporting to External Platforms},
  author={Stewin, Patrick},
  year={2014},
  publisher={Technische Universit{\"a}t Berlin, Fakult{\"a}t IV-Elektrotechnik und Informatik}
}
@inproceedings{Ste13,
  title={A primitive for revealing stealthy peripheral-based attacks on the computing platform’s main memory},
  author={Stewin, Patrick},
  booktitle={International Workshop on Recent Advances in Intrusion Detection},
  pages={1--20},
  year={2013},
  organization={Springer}
}
@inproceedings{BR12,
  title={TRESOR-HUNT: attacking CPU-bound encryption},
  author={Blass, Erik-Oliver and Robertson, William},
  booktitle={Proceedings of the 28th Annual Computer Security Applications Conference},
  pages={71--78},
  year={2012},
  organization={ACM}
}
@inproceedings{ZKB13,
  title={Implementation and implications of a stealth hard-drive backdoor},
  author={Zaddach, Jonas and Kurmus, Anil and Balzarotti, Davide and Blass, Erik-Oliver and Francillon, Aur{\'e}lien and Goodspeed, Travis and Gupta, Moitrayee and Koltsidas, Ioannis},
  booktitle={Proceedings of the 29th annual computer security applications conference},
  pages={279--288},
  year={2013},
  organization={ACM}
}
@article{Ben17b,
  title={Over The Air: Exploiting Broadcom’s Wi-Fi Stack},
  author={Beniamini, Gal},
  journal={Last retrieved},
  volume={7},
  year={2017}
}
@misc{Vol,
  title={The volatility framework: Volatile memory artifact extraction utility framework},
  author={Walters, Aaron},
  url={https://github.com/volatilityfoundation/volatility},
  year={2007}
}
@inproceedings{Sim11,
  title={Security through amnesia: a software-based solution to the cold boot attack on disk encryption},
  author={Simmons, Patrick},
  booktitle={Proceedings of the 27th Annual Computer Security Applications Conference},
  pages={73--82},
  year={2011},
  organization={ACM}
}
@inproceedings{CZG15,
  title={Protecting data on smartphones and tablets from memory attacks},
  author={Colp, Patrick and Zhang, Jiawen and Gleeson, James and Suneja, Sahil and De Lara, Eyal and Raj, Himanshu and Saroiu, Stefan and Wolman, Alec},
  booktitle={ACM SIGPLAN Notices},
  volume={50},
  number={4},
  pages={177--189},
  year={2015},
  organization={ACM}
}
@inproceedings{MFD11,
  title={TRESOR Runs Encryption Securely Outside RAM.},
  author={M{\"u}ller, Tilo and Freiling, Felix C and Dewald, Andreas},
  booktitle={USENIX Security Symposium},
  volume={17},
  year={2011}
}
@misc{Fin14,
    author={FinFisher surveillance}, title={FinFireWire}, url={https://wikileaks.org/spyfiles4/documents.html#finfirewire}, year={2014}, 
    note={(WikiLeaks)}
}
@article{MM,
  title={Inception},
  author={Maartmann-Moe, Carsten},
  journal={Break \& Enter: http://www. breaknenter. org/projects/inception/[accessed Oct 2019]},
  year={2011}
}
@inproceedings{thunder,
  title={Thunderclap: Exploring Vulnerabilities in Operating System IOMMU Protection via DMA from Untrustworthy Peripherals.},
  author={Markettos, A Theodore and Rothwell, Colin and Gutstein, Brett F and Pearce, Allison and Neumann, Peter G and Moore, Simon W and Watson, Robert NM},
  booktitle={NDSS},
  year={2019}
}
@mastersthesis{gil,
  title={IOMMU-resistant DMA attacks},
  author={Kupfer, Gil and Tsafrir, Dan and Amit, Nadav},
  year={2018},
  school={Computer Science Department, Technion}
}
@MISC{mem_model,
   author =       {Rapoport, Mike},
   title =        {Memory: the flat, the discontiguous, and the sparse},
   editor =       {https://lwn.net/},
   month =        {May},
   year =         {2019},
   url = {https://lwn.net/Articles/789304/},
   note =         {https://lwn.net/Articles/789304/},
 }